@book{allen1989computer,
  shorthand={AT89},
  isbn={0-19-855645-4},
  title={Computer simulation of liquids},
  author={Allen, Mike P and Tildesley, Dominic J},
  year={1989},
  publisher={Oxford University Press}
}

@article{ambegaokar2010estimating,
  shorthand={AT10},
  doi={10.1119/1.3247985},
  title={Estimating errors reliably in {Monte Carlo} simulations of the {Ehrenfest} model},
  author={Ambegaokar, Vinay and Troyer, Matthias},
  journal={American Journal of Physics},
  volume={78},
  number={2},
  pages={150--157},
  year={2010},
  publisher={American Association of Physics Teachers}
}

@article{balibar2007discovery,
  shorthand={Bal07},
  doi={10.1007/s10909-006-9276-7},
  title={The discovery of superfluidity},
  author={Balibar, Sébastien},
  journal={Journal of Low Temperature Physics},
  volume={146},
  number={5-6},
  pages={441--470},
  year={2007},
  publisher={Springer}
}

@article{boninsegni2006worm,
  shorthand={BPS06},
  doi={10.1103/PhysRevE.74.036701},
  title={Worm algorithm and diagrammatic {Monte Carlo}: A new approach to continuous-space path integral {Monte Carlo} simulations},
  author={Boninsegni, Massimo and Prokof'ev, NV and Svistunov, BV},
  journal={Physical Review E},
  volume={74},
  number={3},
  pages={036701},
  year={2006},
  publisher={American Physical Society}
}

@article{bussi2007accurate,
  shorthand={BP07},
  doi={10.1103/PhysRevE.75.056707},
  title={Accurate sampling using {Langevin} dynamics},
  author={Bussi, Giovanni and Parrinello, Michele},
  journal={Physical Review E},
  volume={75},
  number={5},
  pages={056707},
  year={2007},
  publisher={American Physical Society}
}

@article{ceperley1995path,
  shorthand={Cep95},
  doi={10.1103/RevModPhys.67.279},
  title={Path integrals in the theory of condensed helium},
  author={Ceperley, David M},
  journal={Reviews of Modern Physics},
  volume={67},
  number={2},
  pages={279},
  year={1995},
  publisher={American Physical Society}
}

@article{ceriotti2010efficient,
  shorthand={CPM10},
  doi={10.1063/1.3489925},
  title={Efficient stochastic thermostatting of path integral molecular dynamics},
  author={Ceriotti, Michele and Parrinello, Michele and Markland, Thomas E and Manolopoulos, David E},
  journal={Journal of Chemical Physics},
  volume={133},
  number={12},
  pages={124104},
  year={2010},
  publisher={AIP Publishing}
}

@article{chandler1981exploiting,
  shorthand={CW81},
  doi={10.1063/1.441588},
  title={Exploiting the isomorphism between quantum theory and classical statistical mechanics of polyatomic fluids},
  author={Chandler, David and Wolynes, Peter G},
  journal={Journal of Chemical Physics},
  volume={74},
  number={7},
  pages={4078--4095},
  year={1981},
  publisher={AIP Publishing}
}

@thesis{constable2012path,
  shorthand={Con12},
  doi={10012/6866},
  author={Constable, Stephen Joel},
  title={Path Integral Approaches and Graphics Processing Unit Tools for Quantum Molecular Dynamics Simulations},
  school={University of Waterloo},
  year={2012}
}

@article{constable2013langevin,
  shorthand={CSI13},
  doi={10.1021/jp4015178},
  title={Langevin Equation Path Integral Ground State},
  author={Constable, Steve and Schmidt, Matthew and Ing, Christopher and Zeng, Tao and Roy, Pierre-Nicholas},
  journal={Journal of Physical Chemistry A},
  volume={117},
  number={32},
  pages={7461--7467},
  year={2013},
  publisher={ACS Publications}
}

@article{cuervo2008solid,
  shorthand={CR08},
  doi={10.1063/1.2938369},
  title={On the solid-and liquidlike nature of quantum clusters in their ground state},
  author={Cuervo, Javier Eduardo and Roy, Pierre-Nicholas},
  journal={Journal of Chemical Physics},
  volume={128},
  number={22},
  pages={224509},
  year={2008},
  publisher={AIP Publishing}
}

@article{de2005role,
  shorthand={De05},
  doi={10.1088/0143-0807/26/2/008},
  title={The role of the rigged {Hilbert} space in Quantum Mechanics},
  author={de la Madrid, Rafael},
  journal={European Journal of Physics},
  volume={26},
  number={2},
  pages={287},
  year={2005},
  publisher={IOP Publishing}
}

@book{dirac1981principles,
  shorthand={Dir81},
  isbn={0-19-852011-5},
  title={The principles of quantum mechanics},
  author={Dirac, P A M},
  year={1981},
  publisher={Oxford University Press}
}

@article{el2004inverse,
  shorthand={El04},
  doi={10.1016/S0096-3003(03)00298-4},
  title={On the inverse of a general tridiagonal matrix},
  author={El-Mikkawy, Moawwad EA},
  journal={Applied Mathematics and Computation},
  volume={150},
  number={3},
  pages={669--679},
  year={2004},
  publisher={Elsevier}
}

@book{evans2008statistical,
  shorthand={EM08},
  isbn={978-0-521-85791-8},
  title={Statistical mechanics of nonequilibrium liquids},
  author={Evans, Denis J and Morriss, Gary},
  year={2008},
  publisher={Cambridge University Press}
}

@article{fattal1996phase,
  shorthand={FBK96},
  doi={10.1103/PhysRevE.53.1217},
  title={Phase space approach for optimizing grid representations: The mapped {Fourier} method},
  author={Fattal, Eyal and Baer, Roi and Kosloff, Ronnie},
  journal={Physical Review E},
  volume={53},
  number={1},
  pages={1217},
  year={1996},
  publisher={APS}
}

@article{forest1990fourth,
  shorthand={FR90},
  doi={10.1016/0167-2789(90)90019-L},
  title={Fourth-order Symplectic Integration},
  author={Forest, E. and Ruth, R. D.},
  journal={Physica D},
  volume={43},
  number={1},
  pages={105--117},
  year={1990},
  publisher={Elsevier}
}

@article{frigo2005design,
  shorthand={FJ05},
  doi={10.1109/JPROC.2004.840301},
  title={The design and implementation of {FFTW3}},
  author={Frigo, Matteo and Johnson, Steven G},
  journal={Proceedings of the IEEE},
  volume={93},
  number={2},
  pages={216--231},
  year={2005},
  publisher={IEEE}
}

@article{flanders1973differentiation,
  shorthand={Fla73},
  doi={10.2307/2319163},
  title={Differentiation under the integral sign},
  author={Flanders, Harley},
  journal={American Mathematical Monthly},
  pages={615--627},
  year={1973},
  publisher={JSTOR}
}

@article{garashchuk2000simplified,
  shorthand={GL00},
  doi={10.1063/1.1321032},
  title={Simplified calculation of the stability matrix for semiclassical propagation},
  author={Garashchuk, Sophya and Light, John C},
  journal={Journal of Chemical Physics},
  volume={113},
  number={21},
  pages={9390--9392},
  year={2000},
  publisher={AIP Publishing}
}

@book{gardiner2004quantum,
  shorthand={GZ04},
  isbn={3-540-66571-4},
  title={Quantum noise: a handbook of {Markovian} and {non-Markovian} quantum stochastic methods with applications to quantum optics},
  author={Gardiner, Crispin and Zoller, Peter},
  year={2000},
  publisher={Springer}
}

@article{gelabert2000log,
  shorthand={GGT00},
  doi={10.1021/jp0012451},
  title={A log-derivative formulation of the prefactor for the semiclassical {Herman-Kluk} propagator},
  author={Gelabert, Ricard and Giménez, Xavier and Thoss, Michael and Wang, Haobin and Miller, William H},
  journal={Journal of Physical Chemistry A},
  volume={104},
  number={45},
  pages={10321--10327},
  year={2000},
  publisher={ACS Publications}
}

@book{gillespie1992markov,
  shorthand={Gil92},
  isbn={0-12-283955-2},
  title={Markov processes: an introduction for physical scientists},
  author={Gillespie, Daniel T},
  year={1992},
  publisher={Academic Press, Inc.}
}

@article{grebenev1998superfluidity,
  shorthand={GTV98},
  doi={10.1126/science.279.5359.2083},
  title={Superfluidity within a small helium-4 cluster: The microscopic {Andronikashvili} experiment},
  author={Grebenev, Slava and Toennies, J Peter and Vilesov, Andrei F},
  journal={Science},
  volume={279},
  number={5359},
  pages={2083--2086},
  year={1998},
  publisher={American Association for the Advancement of Science}
}

@article{grebenev2000evidence,
  shorthand={GST00},
  doi={10.1126/science.289.5484.1532},
  title={Evidence for superfluidity in para-hydrogen clusters inside helium-4 droplets at 0.15 kelvin},
  author={Grebenev, Slava and Sartakov, Boris and Toennies, J Peter and Vilesov, Andrei F},
  journal={Science},
  volume={289},
  number={5484},
  pages={1532--1535},
  year={2000},
  publisher={American Association for the Advancement of Science}
}

@article{hastings2010measuring,
  shorthand={HGK10},
  doi={10.1103/PhysRevLett.104.157201},
  title={Measuring {Renyi} entanglement entropy in quantum {Monte Carlo} simulations},
  author={Hastings, Matthew B and González, Iván and Kallin, Ann B and Melko, Roger G},
  journal={Physical Review Letters},
  volume={104},
  number={15},
  pages={157201},
  year={2010},
  publisher={American Physical Society}
}

@article{herdman2014particle,
  shorthand={HRM14},
  doi={10.1103/PhysRevB.89.140501},
  title={Particle entanglement in continuum many-body systems via quantum {Monte Carlo}},
  author={Herdman, C. M. and Roy, P.-N. and Melko, R. G. and Del Maestro, A.},
  journal={Physical Review B},
  volume={89},
  number={14},
  pages={140501},
  year={2014},
  publisher={American Physical Society}
}

@article{herdman2014path,
  shorthand={HIR14},
  doi={10.1103/PhysRevE.90.013308},
  title={Path-integral {Monte Carlo} method for {Rényi} entanglement entropies},
  author={Herdman, CM and Inglis, Stephen and Roy, P-N and Melko, RG and Del Maestro, A},
  journal={Physical Review E},
  volume={90},
  number={1},
  pages={013308},
  year={2014},
  publisher={American Physical Society}
}

@article{herdman2014quantum,
  shorthand={HRD14},
  doi={10.1103/PhysRevB.89.224502},
  title={Quantum {Monte Carlo} measurement of the chemical potential of \ce{^4 He}},
  author={Herdman, CM and Rommal, A and Del Maestro, A},
  journal={Physical Review B},
  volume={89},
  number={22},
  pages={224502},
  year={2014},
  publisher={American Physical Society}
}

@article{hinsen2000molecular,
  shorthand={Hin00},
  url={http://dx.doi.org/10.1002/(SICI)1096-987X(20000130)21:2<79::AID-JCC1>3.0.CO;2-B},
  title={The molecular modeling toolkit: a new approach to molecular simulations},
  author={Hinsen, Konrad},
  journal={Journal of Computational Chemistry},
  volume={21},
  number={2},
  pages={79--85},
  year={2000},
  publisher={Wiley Online Library}
}

@article{issack2007semiclassical,
  shorthand={IR07},
  doi={10.1063/1.2786456},
  title={Semiclassical initial value representation treatment of a hydrogen bonded complex of rigid water molecules from a single trajectory in {Cartesian} coordinates},
  author={Issack, Bilkiss B and Roy, Pierre-Nicholas},
  journal={Journal of Chemical Physics},
  volume={127},
  number={14},
  pages={144306},
  year={2007},
  publisher={AIP Publishing}
}

@article{karner2003spectral,
  shorthand={KSU03},
  doi={10.1016/S0024-3795(02)00664-X},
  title={Spectral decomposition of real circulant matrices},
  author={Karner, Herbert and Schneid, Josef and Ueberhuber, Christoph W},
  journal={Linear Algebra and Its Applications},
  volume={367},
  pages={301--311},
  year={2003},
  publisher={Elsevier}
}

@article{kubo1966fluctuation,
  shorthand={Kub66},
  doi={10.1088/0034-4885/29/1/306},
  title={The fluctuation-dissipation theorem},
  author={Kubo, R},
  journal={Reports on Progress in Physics},
  volume={29},
  number={1},
  pages={255},
  year={1966},
  publisher={IOP Publishing}
}

@book{kwok2002applied,
  shorthand={Kwo02},
  isbn={0-521-00462-4},
  title={Applied complex variables for scientists and engineers},
  author={Kwok, Yue Kuen},
  year={2002},
  publisher={Cambridge University Press}
}

@article{li2010molecular,
  shorthand={LLR10},
  doi={10.1103/PhysRevLett.105.133401},
  title={A molecular superfluid: non-classical rotations in doped \textit{para}-hydrogen clusters},
  author={Li, Hui and Le Roy, Robert J and Roy, Pierre-Nicholas and McKellar, ARW},
  journal={Physical Review Letters},
  number={105},
  pages={133401},
  year={2010}
}

@book{mcquarrie1976statistical,
  shorthand={McQ76},
  isbn={06-044366-9},
  title={Statistical mechanics},
  author={McQuarrie, Donald A},
  year={1976},
  publisher={Harper \& Row}
}

@book{messiah1999quantum,
  shorthand={Mes99},
  isbn={0-486-40924-4},
  title={Quantum mechanics, Two volumes bound as one},
  author={Messiah, Albert},
  year={1999},
  publisher={Dover Publications, Inc.}
}

@article{miller2002alternate,
  shorthand={Mil02},
  doi={10.1080/00268970110069029},
  title={An alternate derivation of the {Herman—Kluk} (coherent state) semiclassical initial value representation of the time evolution operator},
  author={Miller, William H},
  journal={Molecular Physics},
  volume={100},
  number={4},
  pages={397--400},
  year={2002},
  publisher={Taylor \& Francis}
}

@book{press1992numerical,
  shorthand={PTV92},
  isbn={0-521-43108-5},
  title={Numerical recipes in {C}},
  author={Press, William H and Teukolsky, Saul A and Vetterling, William T and Flannery, Brian P},
  year={1992},
  publisher={Cambridge University Press}
}

@article{prokof1998worm,
  shorthand={PST98},
  doi={10.1016/S0375-9601(97)00957-2},
  title={{``Worm''} algorithm in quantum {Monte Carlo} simulations},
  author={Prokof'ev, NV and Svistunov, BV and Tupitsyn, IS},
  journal={Physics Letters A},
  volume={238},
  number={4},
  pages={253--257},
  year={1998},
  publisher={Elsevier}
}

@article{raston2012persistent,
  shorthand={RJL12},
  doi={10.1103/PhysRevLett.108.253402},
  title={Persistent Molecular Superfluid Response in Doped Para-Hydrogen Clusters},
  author={Raston, PL and Jäger, W and Li, H and Le Roy, RJ and Roy, P-N},
  journal={Physical Review Letters},
  volume={108},
  number={25},
  pages={253402},
  year={2012},
  publisher={APS}
}

@inproceedings{renyi1961measures,
  shorthand={Ren61},
  url={http://projecteuclid.org/euclid.bsmsp/1200512181},
  title={On measures of entropy and information},
  author={Rényi, Alfred},
  booktitle={Fourth {Berkeley} Symposium on Mathematical Statistics and Probability},
  pages={547--561},
  year={1961}
}

@book{risken1984fokker,
  shorthand={Ris84},
  isbn={3-540-13098-5},
  title={{Fokker-Planck} Equation},
  author={Risken, Hannes},
  year={1984},
  publisher={Springer}
}

@book{sakurai1985modern,
  shorthand={Sak85},
  isbn={0-8053-7501-5},
  title={Modern Quantum Physics},
  author={Sakurai, Jun John},
  year={1985},
  publisher={Benjamin/Cummings Publishing Company, Inc.}
}

@article{sarsa2000pigs,
  shorthand={SSM00},
  doi={10.1063/1.481926},
  title={A path integral ground state method},
  author={Sarsa, A and Schmidt, KE and Magro, WR},
  journal={Journal of Chemical Physics},
  volume={113},
  number={4},
  pages={1366--1371},
  year={2000},
  publisher={AIP Publishing}
}

@article{schmidt1995high,
  shorthand={SL95},
  doi={10.1103/PhysRevE.51.5495},
  title={High-accuracy {Trotter}-formula method for path integrals},
  author={Schmidt, KE and Lee, Michael A},
  journal={Physical Review E},
  volume={51},
  number={6},
  pages={5495},
  year={1995},
  publisher={American Physical Society}
}

@article{schmidt2014inclusion,
  shorthand={SCI14},
  doi={10.1063/1.4882184},
  title={Inclusion of trial functions in the {Langevin} equation path integral ground state method: Application to parahydrogen clusters and their isotopologues},
  author={Schmidt, Matthew and Constable, Steve and Ing, Christopher and Roy, Pierre-Nicholas},
  journal={Journal of Chemical Physics},
  volume={140},
  number={23},
  pages={234101},
  year={2014},
  publisher={AIP Publishing}
}

@book{schulman1996techniques,
  shorthand={Sch96},
  isbn={0-471-16610-3},
  title={Techniques and applications of path integration},
  author={Schulman, Lawrence S},
  year={1996},
  publisher={Wiley-Interscience}
}

@article{schumacher1995quantum,
  shorthand={Sch95},
  doi={10.1103/PhysRevA.51.2738},
  title={Quantum coding},
  author={Schumacher, Benjamin},
  journal={Physical Review A},
  volume={51},
  number={4},
  pages={2738},
  year={1995},
  publisher={American Physical Society}
}

@article{shannon1948mathematical,
  shorthand={Sha48},
  doi={10.1002/j.1538-7305.1948.tb01338.x},
  author={Shannon, Claude E.},
  journal={Bell System Technical Journal},
  pages={379--423, 623--656},
  title={A Mathematical Theory of Communication},
  volume={27},
  year = {1948}
}

@article{sindzingre1991superfluidity,
  shorthand={SCK91},
  doi={10.1103/PhysRevLett.67.1871},
  title={Superfluidity in clusters of \textit{p}-\ce{H2} molecules},
  author={Sindzingre, Philippe and Ceperley, David M and Klein, Michael L},
  journal={Physical Review Letters},
  volume={67},
  number={14},
  pages={1871},
  year={1991},
  publisher={APS}
}

@article{singh2011finite,
  shorthand={SHK11},
  doi={10.1103/PhysRevLett.106.135701},
  title={Finite-temperature critical behavior of mutual information},
  author={Singh, Rajiv RP and Hastings, Matthew B and Kallin, Ann B and Melko, Roger G},
  journal={Physical Review Letters},
  volume={106},
  number={13},
  pages={135701},
  year={2011},
  publisher={APS}
}

@book{slomson1991introduction,
  shorthand={Slo91},
  isbn={0-412-35360-1},
  title={Introduction to Combinatorics},
  author={Slomson, Alan},
  year={1991},
  publisher={Chapman and Hall}
}

@article{stephan2012renyi,
  shorthand={SMP12},
  doi={10.1088/1742-5468/2012/02/P02003},
  title={Rényi entanglement entropies in quantum dimer models: from criticality to topological order},
  author={Stéphan, Jean-Marie and Misguich, Grégoire and Pasquier, Vincent},
  journal={Journal of Statistical Mechanics: Theory and Experiment},
  volume={2012},
  number={02},
  pages={P02003},
  year={2012},
  publisher={IOP Publishing}
}

@book{stewart2008calculus,
  shorthand={Ste08},
  isbn={978-0-495-01166-8},
  title={Calculus: Early Transcendentals},
  author={Stewart, James},
  year={2008},
  edition={6},
  publisher={Thomson Brooks/Cole}
}

@article{thoss2001generalized,
  shorthand={TWM01},
  doi={10.1063/1.1359242},
  title={Generalized forward--backward initial value representation for the calculation of correlation functions in complex systems},
  author={Thoss, Michael and Wang, Haobin and Miller, William H},
  journal={Journal of Chemical Physics},
  volume={114},
  number={21},
  pages={9220--9235},
  year={2001},
  publisher={AIP Publishing}
}

@article{tuckerman1992reversible,
  shorthand={TBM92},
  doi={10.1063/1.463137},
  title={Reversible multiple time scale molecular dynamics},
  author={Tuckerman, M and Berne, Bruce J and Martyna, Glenn J},
  journal={Journal of Chemical Physics},
  volume={97},
  number={3},
  pages={1990--2001},
  year={1992},
  publisher={AIP Publishing}
}

@book{tuckerman2010statistical,
  shorthand={Tuc10},
  isbn={978-0-19-852526-4},
  title={Statistical mechanics: theory and molecular simulation},
  author={Tuckerman, Mark},
  year={2010},
  publisher={Oxford University Press}
}

@article{van2011numpy,
  shorthand={VCV11},
  doi={10.1109/MCSE.2011.37},
  title={The {NumPy} array: a structure for efficient numerical computation},
  author={Van Der Walt, Stefan and Colbert, S Chris and Varoquaux, Gael},
  journal={Computing in Science \& Engineering},
  volume={13},
  number={2},
  pages={22--30},
  year={2011},
  publisher={AIP Publishing}
}

@article{vedral1997quantifying,
  shorthand={VPR97},
  doi={10.1103/PhysRevLett.78.2275},
  title={Quantifying Entanglement},
  author={Vedral, V. and Plenio, M. B. and Rippin, M. A. and Knight, P. L.},
  journal={Physical Review Letters},
  volume={78},
  issue={12},
  pages={2275--2279},
  year={1997},
  month={Mar},
  publisher={American Physical Society}
}

@book{wilde2013quantum,
  shorthand={Wil13},
  isbn={978-1-107-03425-9},
  title={Quantum Information Theory},
  author={Wilde, Mark},
  year={2013},
  publisher={Cambridge University Press}
}

@article{zeng2012simulating,
  shorthand={ZLR12},
  doi={10.1021/jz3017705},
  title={Simulating Asymmetric Top Impurities in Superfluid Clusters: A \textit{para}-Water Dopant in \textit{para}-Hydrogen},
  author={Zeng, Tao and Li, Hui and Roy, Pierre-Nicholas},
  journal={Journal of Physical Chemistry Letters},
  volume={4},
  number={1},
  pages={18--22},
  year={2012},
  publisher={ACS Publications}
}

@article{zeng2013probing,
  shorthand={ZGC13},
  doi={10.1021/jz401188j},
  title={Probing the Superfluid Response of \textit{para}-Hydrogen with a Sulfur Dioxide Dopant},
  author={Zeng, Tao and Guillon, Grégoire and Cantin, Joshua T and Roy, Pierre-Nicholas},
  journal={Journal of Physical Chemistry Letters},
  volume={4},
  number={14},
  pages={2391--2396},
  year={2013},
  publisher={ACS Publications}
}

@book{zwanzig2001nonequilibrium,
  shorthand={Zwa01},
  isbn={0-19-514018-4},
  title={Nonequilibrium statistical mechanics},
  author={Zwanzig, Robert},
  year={2001},
  publisher={Oxford University Press}
}
